%% This BibTeX bibliography file was created using BibDesk.
%% https://bibdesk.sourceforge.io/

%% Created for Kevin Zagalo at 2018-12-27 21:57:08 +0100 


%% Saved with string encoding Unicode (UTF-8) 



@article{B-D,
	Author = {Jock A. Blackard and Denis J. Dean},
	Date-Added = {2018-12-27 21:22:44 +0100},
	Date-Modified = {2018-12-27 21:23:29 +0100},
	Journal = {Computers and Electronics in Agriculture},
	Title = {Comparative accuracies of artificial neural networks and discriminant analysis in predicting forest cover types from cartographic variables},
	Year = {1999}}

@article{C-D,
	Author = {Kevin Crain and Graham David},
	Date-Added = {2018-12-27 14:32:10 +0100},
	Date-Modified = {2018-12-27 21:57:08 +0100},
	Title = {Classifying Forest Cover Type using Cartographic Features},
	Year = {2014}}
